% This file was created with JabRef 2.11.1.
% Encoding: Cp1252


@Article{shen,
  Title                    = {An Information-Theoretic Framework for Flow Visualization},
  Author                   = {Lijie Xu and Teng-Yok Lee and Han-Wei Shen},
  Journal                  = {Visualization and Computer Graphics, IEEE Transactions on},
  Year                     = {2010},
  Month                    = {Nov},
  Number                   = {6},
  Pages                    = {1216-1224},
  Volume                   = {16},
  Doi                      = {10.1109/TVCG.2010.131},
  ISSN                     = {1077-2626},
  Keywords                 = {computational fluid dynamics;data visualisation;entropy;flow visualisation;2D flow data visualization;3D flow data.visualization;Shannon's entropy;conditional entropy;information-theoretic framework;streamline generation;vector field;visual communication channel;Data visualization;Entropy;Histograms;Information theory;Streaming media;Three dimensional displays;Visualization;Flow field visualization;information theory;streamline generation.}
}

@Article{chaudhuri,
  Title                    = {Exploring Flow Fields Using Space-Filling Analysis of Streamlines},
  Author                   = {Chaudhuri, A. and Teng-Yok Lee and Han-Wei Shen and Wenger, R.},
  Journal                  = {Visualization and Computer Graphics, IEEE Transactions on},
  Year                     = {2014},
  Month                    = {Oct},
  Number                   = {10},
  Pages                    = {1392-1404},
  Volume                   = {20},
  Doi                      = {10.1109/TVCG.2014.2312009},
  ISSN                     = {1077-2626},
  Keywords                 = {computational fluid dynamics;computational geometry;data visualisation;flow visualisation;fractals;box counting ratio;climate simulation data sets;combustion;flow field visualization;interactive 2D information space;interactive visualization framework;space-filling streamline analysis;streamline geometric complexity measurement;streamline selection;streamline visualization;Complexity theory;Feature extraction;Fractals;Measurement;Spirals;Vectors;Flow visualization;box counting ratio;fractal dimension;multi-scale feature detection;streamlines}
}

@Article{zhong,
  Title                    = {Extracting 3D vortices in turbulent fluid flow},
  Author                   = {Jialin Zhong and Huang, T.S. and Adrian, R.J.},
  Journal                  = {Pattern Analysis and Machine Intelligence, IEEE Transactions on},
  Year                     = {1998},
  Month                    = {Feb},
  Number                   = {2},
  Pages                    = {193-199},
  Volume                   = {20},
  Doi                      = {10.1109/34.659938},
  ISSN                     = {0162-8828},
  Keywords                 = {image classification;kinematics;turbulence;vortices;3D turbulent fluid flows;3D vortex extraction;computational framework;dominating rotational motion;focus-type singularity;intensity concentrations;kinematics;motion analysis;pointwise linear representation;rotational motion;salient patterns;topological patterns;turbulent fluid flow;vortex structures;vorticity concentration regions;Computational fluid dynamics;Computer Society;Computer vision;Fluid flow;Image motion analysis;Motion analysis;Optical vortices;Pattern analysis;Pattern recognition;Visualization}
}

@InProceedings{mebarki,
  Title                    = {Farthest point seeding for efficient placement of streamlines},
  Author                   = {Mebarki, A. and Alliez, P. and Devillers, O.},
  Booktitle                = {Visualization, 2005. VIS 05. IEEE},
  Year                     = {2005},
  Month                    = {Oct},
  Pages                    = {479-486},
  Doi                      = {10.1109/VISUAL.2005.1532832},
  Keywords                 = {computational fluid dynamics;data visualisation;flow visualisation;greedy algorithms;mesh generation;optimisation;Delaunay triangulation;direction field;farthest point seeding strategy;greedy approach;numerical integration;optimization;streamlines placement;two-dimensional steady vector;variable density;Containers;Image generation;Optimization methods;Streaming media;USA Councils;Visualization}
}

@InProceedings{sadarjoen1999,
  Title                    = {Geometric methods for vortex extraction},
  Author                   = {Sadarjoen, I Ari and Post, Frits H},
  Booktitle                = {Data Visualizationï¿½99},
  Year                     = {1999},
  Organization             = {Springer},
  Pages                    = {53--62}
}

@InProceedings{turk,
  Title                    = {Image-guided Streamline Placement},
  Author                   = {Turk, Greg and Banks, David},
  Booktitle                = {Proceedings of the 23rd Annual Conference on Computer Graphics and Interactive Techniques},
  Year                     = {1996},
  Address                  = {New York, NY, USA},
  Pages                    = {453--460},
  Publisher                = {ACM},
  Series                   = {SIGGRAPH '96},
  Acmid                    = {237285},
  Doi                      = {10.1145/237170.237285},
  ISBN                     = {0-89791-746-4},
  Keywords                 = {flow visualization, random descent, random optimization, streamline, vector field visualization},
  Numpages                 = {8},
  Url                      = {http://doi.acm.org/10.1145/237170.237285}
}

@InProceedings{mao,
  Title                    = {Image-guided streamline placement on curvilinear grid surfaces},
  Author                   = {Xiaoyang Mao and Hatanaka, Y. and Higashida, H. and Imamiya, A.},
  Booktitle                = {Visualization '98. Proceedings},
  Year                     = {1998},
  Month                    = {Oct},
  Pages                    = {135-142},
  Doi                      = {10.1109/VISUAL.1998.745295},
  ISSN                     = {1070-2385},
  Keywords                 = {computational fluid dynamics;data visualisation;flow visualisation;image processing;low-pass filters;optimisation;vectors;3D parametric surfaces;automatic seed point placement;computational space;curvilinear grid surfaces;energy function;flow visualization;image-guided streamline placement;local densities;low-pass filtered streamline image;mapping distortion;optimization process;uneven grid density;uniform distribution;vector field visualization;Density measurement;Grid computing;Low pass filters;Optimization methods;Physics computing;Space shuttles;Streaming media;Surface treatment;Topology;Visualization}
}

@Article{khoury,
  Title                    = {On the Fractal Dimension of Isosurfaces},
  Author                   = {Khoury, M. and Wenger, R.},
  Journal                  = {Visualization and Computer Graphics, IEEE Transactions on},
  Year                     = {2010},
  Month                    = {Nov},
  Number                   = {6},
  Pages                    = {1198-1205},
  Volume                   = {16},
  Doi                      = {10.1109/TVCG.2010.182},
  ISSN                     = {1077-2626},
  Keywords                 = {fractals;interpolation;mesh generation;solid modelling;statistical analysis;3D scalar grid;data set;fractal dimension plotting;fractal isosurface dimension;grid cube;grid vertex;isovalue;scalar function;statistics;topological noise;triangular mesh;trilinear interpolation;Area measurement;Benchmark testing;Correlation;Fractals;Isosurfaces;Noise;Noise measurement;Isosurfaces;fractal dimension;scalar data;Algorithms;Brain;Computer Graphics;Fractals;Humans;Imaging, Three-Dimensional;Models, Anatomic;Tooth}
}

@InProceedings{sadarjoen1998,
  Title                    = {Selective visualization of vortices in hydrodynamic flows},
  Author                   = {Sadarjoen, I.A. and Post, F.H. and Bing Ma and Banks, D.C. and Pagendarm, H.-G.},
  Booktitle                = {Visualization '98. Proceedings},
  Year                     = {1998},
  Month                    = {Oct},
  Pages                    = {419-422},
  Doi                      = {10.1109/VISUAL.1998.745333},
  ISSN                     = {1070-2385},
  Keywords                 = {computational geometry;data visualisation;hydrodynamics;physics computing;vortices;curve based geometric criteria;hydrodynamic flows;point based scalar quantities;selective visualization;streamlines;vortex detection criteria;vortices;Aerodynamics;Computer science;Design engineering;Design optimization;Eigenvalues and eigenfunctions;Fluid dynamics;Hydrodynamics;Physics;Region 4;Tensile stress;Turbomachinery;Visualization}
}

@Article{mcloughlin,
  Title                    = {Similarity Measures for Enhancing Interactive
 Streamline Seeding},
  Author                   = {T. McLoughlin and M.W. Jones and R.S. Laramee and
 R. Malki and I. Masters and C.D. Hansen},
  Journal                  = {{IEEE} Transactions on Visualization and Computer
 Graphics ({TVCG})},
  Year                     = {2013},
  Number                   = {8},
  Pages                    = {1342--1353},
  Volume                   = {19},
  Doi                      = {10.1109/TVCG.2012.150},
  ISSN                     = {1077-2626},
  Pmid                     = {23744264},
  Url                      = {http://www.sci.utah.edu/publications/Mcl2013a/McLoughlin_TVCG2013.pdf}
}

@InProceedings{ye,
  Title                    = {Strategy for seeding 3D streamlines},
  Author                   = {Xiangong Ye and Kao, D. and Pang, A.},
  Booktitle                = {Visualization, 2005. VIS 05. IEEE},
  Year                     = {2005},
  Month                    = {Oct},
  Pages                    = {471-478},
  Doi                      = {10.1109/VISUAL.2005.1532831},
  Keywords                 = {computational fluid dynamics;critical points;data visualisation;flow visualisation;3D flow field;Poisson seeding;clutter reduction;critical point;flow pattern;streamline seeding;variable template;Chromium;Computer graphics;Computer science;Level set;NASA;Pattern matching;Shape;Spatial resolution;Streaming media;Visualization}
}

@Article{salzbrunn,
  Title                    = {Streamline Predicates},
  Author                   = {Salzbrunn, T. and Scheuermann, G.},
  Journal                  = {Visualization and Computer Graphics, IEEE Transactions on},
  Year                     = {2006},
  Month                    = {Nov},
  Number                   = {6},
  Pages                    = {1601-1612},
  Volume                   = {12},
  Doi                      = {10.1109/TVCG.2006.104},
  ISSN                     = {1077-2626},
  Keywords                 = {computational fluid dynamics;data visualisation;feature extraction;flow visualisation;Boolean values;feature selection;flow topology;flow visualization;streamline predicates;structure definition;Computer Society;Computer science;Computer vision;Data engineering;Data visualization;Feature extraction;Fluid dynamics;Shock waves;Temperature;Topology;Flow visualization;feature detection.;Algorithms;Computer Graphics;Computer Simulation;Image Interpretation, Computer-Assisted;Imaging, Three-Dimensional;Models, Theoretical;Pattern Recognition, Automated;Rheology}
}

@Article{heiberg,
  Title                    = {Three-dimensional flow characterization using vector pattern matching},
  Author                   = {Heiberg, E. and Ebbers, T. and Wigstrom, L. and Karlsson, M.},
  Journal                  = {Visualization and Computer Graphics, IEEE Transactions on},
  Year                     = {2003},
  Month                    = {July},
  Number                   = {3},
  Pages                    = {313-319},
  Volume                   = {9},
  Doi                      = {10.1109/TVCG.2003.1207439},
  ISSN                     = {1077-2626},
  Keywords                 = {convolution;feature extraction;flow visualisation;pattern matching;vortices;3D vector fields;convolution;feature detection;flow topology;flow visualization;noise sensitivity;pattern matching;regional characterization;vector pattern matching;vortex identification;Aerodynamics;Computer vision;Data mining;Data visualization;Jacobian matrices;Pattern matching;Sea measurements;Spirals;Tensile stress;Topology}
}

@Article{mahrous,
  Title                    = {Topological segmentation in three-dimensional vector fields},
  Author                   = {Mahrous, K. and Bennett, J. and Scheuermann, G. and Hamann, B. and Joy, K.I.},
  Journal                  = {Visualization and Computer Graphics, IEEE Transactions on},
  Year                     = {2004},
  Month                    = {March},
  Number                   = {2},
  Pages                    = {198-205},
  Volume                   = {10},
  Doi                      = {10.1109/TVCG.2004.1260771},
  ISSN                     = {1077-2626},
  Keywords                 = {computational fluid dynamics;data visualisation;flow visualisation;topology;vectors;data set;flow fields;separatrices;stream surface algorithm;topological segmentation;vector field visualization;Algorithm design and analysis;Character generation;Computer Society;Data analysis;Data visualization;Feature extraction;Partitioning algorithms;Sampling methods;Algorithms;Computer Graphics;Computer Simulation;Image Enhancement;Image Interpretation, Computer-Assisted;Imaging, Three-Dimensional;Information Storage and Retrieval;Numerical Analysis, Computer-Assisted;Pattern Recognition, Automated;Reproducibility of Results;Rheology;Sensitivity and Specificity;Signal Processing, Computer-Assisted;User-Computer Interface;Video Recording}
}

@InProceedings{lee,
  Title                    = {View point evaluation and streamline filtering for flow visualization},
  Author                   = {Teng-Yok Lee and Mishchenko, O. and Han-Wei Shen and Crawfis, R.},
  Booktitle                = {Visualization Symposium (PacificVis), 2011 IEEE Pacific},
  Year                     = {2011},
  Month                    = {March},
  Pages                    = {83-90},
  Doi                      = {10.1109/PACIFICVIS.2011.5742376},
  Keywords                 = {data visualisation;flow visualisation;maximum entropy methods;3D streamline;Shannon entropy;entropy field;flow field;flow visualization;geometric primitive;maximal entropy projection framebuffer;maximal entropy values;occlusion;streamline filtering;three dimensional volume;vector complexity;view point evaluation;view-dependent algorithm;view-dependent streamline selection algorithm;viewpoint selection algorithm;Complexity theory;Entropy;Pixel;Streaming media;Three dimensional displays;Tiles;Tornadoes;I.3.3 [Computing Methodologies]: Computer Graphicsï¿½Picture/Image Generation}
}

@Article{marchesin,
  Title                    = {View-Dependent Streamlines for 3D Vector Fields},
  Author                   = {Marchesin, S. and Cheng-Kai Chen and Ho, C. and Kwan-Liu Ma},
  Journal                  = {Visualization and Computer Graphics, IEEE Transactions on},
  Year                     = {2010},
  Month                    = {Nov},
  Number                   = {6},
  Pages                    = {1578-1586},
  Volume                   = {16},
  Doi                      = {10.1109/TVCG.2010.212},
  ISSN                     = {1077-2626},
  Keywords                 = {data visualisation;graphical user interfaces;vectors;3D vector fields;GPU implementation;data space;feature search;proper visualization;self-occlusion;user intervention;view-dependent streamlines;Entropy;Measurement;Rendering (computer graphics);Streaming media;Three dimensional displays;Visualization;Streamlines;Vector fields;View-dependent.}
}

